%YAML 1.1
%TAG !u! tag:unity3d.com,2011:
--- !u!1 &4471769899053902329
GameObject:
  m_ObjectHideFlags: 0
  m_CorrespondingSourceObject: {fileID: 0}
  m_PrefabInstance: {fileID: 0}
  m_PrefabAsset: {fileID: 0}
  serializedVersion: 6
  m_Component:
  - component: {fileID: 4471769899053902330}
  - component: {fileID: 4471769899053902333}
  - component: {fileID: 4471769899053902332}
  - component: {fileID: 4471769899053902331}
  m_Layer: 0
  m_Name: LevelBlockGrass
  m_TagString: Untagged
  m_Icon: {fileID: 0}
  m_NavMeshLayer: 0
  m_StaticEditorFlags: 0
  m_IsActive: 1
--- !u!4 &4471769899053902330
Transform:
  m_ObjectHideFlags: 0
  m_CorrespondingSourceObject: {fileID: 0}
  m_PrefabInstance: {fileID: 0}
  m_PrefabAsset: {fileID: 0}
  m_GameObject: {fileID: 4471769899053902329}
  m_LocalRotation: {x: -0, y: -0, z: -0, w: 1}
  m_LocalPosition: {x: 133.8, y: 0, z: 0}
  m_LocalScale: {x: 30, y: 1, z: 30}
  m_Children:
  - {fileID: 2414565043411310027}
  m_Father: {fileID: 0}
  m_RootOrder: 0
  m_LocalEulerAnglesHint: {x: 0, y: 0, z: 0}
--- !u!33 &4471769899053902333
MeshFilter:
  m_ObjectHideFlags: 0
  m_CorrespondingSourceObject: {fileID: 0}
  m_PrefabInstance: {fileID: 0}
  m_PrefabAsset: {fileID: 0}
  m_GameObject: {fileID: 4471769899053902329}
  m_Mesh: {fileID: 10209, guid: 0000000000000000e000000000000000, type: 0}
--- !u!23 &4471769899053902332
MeshRenderer:
  m_ObjectHideFlags: 0
  m_CorrespondingSourceObject: {fileID: 0}
  m_PrefabInstance: {fileID: 0}
  m_PrefabAsset: {fileID: 0}
  m_GameObject: {fileID: 4471769899053902329}
  m_Enabled: 1
  m_CastShadows: 1
  m_ReceiveShadows: 1
  m_DynamicOccludee: 1
  m_MotionVectors: 1
  m_LightProbeUsage: 1
  m_ReflectionProbeUsage: 1
  m_RenderingLayerMask: 1
  m_RendererPriority: 0
  m_Materials:
  - {fileID: 2100000, guid: 0b6c2b41b4246134383d0a1719a7347b, type: 2}
  m_StaticBatchInfo:
    firstSubMesh: 0
    subMeshCount: 0
  m_StaticBatchRoot: {fileID: 0}
  m_ProbeAnchor: {fileID: 0}
  m_LightProbeVolumeOverride: {fileID: 0}
  m_ScaleInLightmap: 1
  m_ReceiveGI: 1
  m_PreserveUVs: 0
  m_IgnoreNormalsForChartDetection: 0
  m_ImportantGI: 0
  m_StitchLightmapSeams: 1
  m_SelectedEditorRenderState: 3
  m_MinimumChartSize: 4
  m_AutoUVMaxDistance: 0.5
  m_AutoUVMaxAngle: 89
  m_LightmapParameters: {fileID: 0}
  m_SortingLayerID: 0
  m_SortingLayer: 0
  m_SortingOrder: 0
--- !u!64 &4471769899053902331
MeshCollider:
  m_ObjectHideFlags: 0
  m_CorrespondingSourceObject: {fileID: 0}
  m_PrefabInstance: {fileID: 0}
  m_PrefabAsset: {fileID: 0}
  m_GameObject: {fileID: 4471769899053902329}
  m_Material: {fileID: 0}
  m_IsTrigger: 0
  m_Enabled: 1
  serializedVersion: 3
  m_Convex: 0
  m_CookingOptions: 14
  m_Mesh: {fileID: 10209, guid: 0000000000000000e000000000000000, type: 0}
--- !u!1001 &8372289189394483296
PrefabInstance:
  m_ObjectHideFlags: 0
  serializedVersion: 2
  m_Modification:
    m_TransformParent: {fileID: 4471769899053902330}
    m_Modifications:
    - target: {fileID: 1696662898707774280, guid: 5b0ec6ca004958449a837e939740e617,
        type: 3}
      propertyPath: m_Name
      value: Trigger
      objectReference: {fileID: 0}
    - target: {fileID: 6175027407547325867, guid: 5b0ec6ca004958449a837e939740e617,
        type: 3}
      propertyPath: m_LocalPosition.x
      value: 0.028
      objectReference: {fileID: 0}
    - target: {fileID: 6175027407547325867, guid: 5b0ec6ca004958449a837e939740e617,
        type: 3}
      propertyPath: m_LocalPosition.y
      value: 149.1
      objectReference: {fileID: 0}
    - target: {fileID: 6175027407547325867, guid: 5b0ec6ca004958449a837e939740e617,
        type: 3}
      propertyPath: m_LocalPosition.z
      value: 4.646
      objectReference: {fileID: 0}
    - target: {fileID: 6175027407547325867, guid: 5b0ec6ca004958449a837e939740e617,
        type: 3}
      propertyPath: m_LocalRotation.x
      value: -0
      objectReference: {fileID: 0}
    - target: {fileID: 6175027407547325867, guid: 5b0ec6ca004958449a837e939740e617,
        type: 3}
      propertyPath: m_LocalRotation.y
      value: -0
      objectReference: {fileID: 0}
    - target: {fileID: 6175027407547325867, guid: 5b0ec6ca004958449a837e939740e617,
        type: 3}
      propertyPath: m_LocalRotation.z
      value: -0
      objectReference: {fileID: 0}
    - target: {fileID: 6175027407547325867, guid: 5b0ec6ca004958449a837e939740e617,
        type: 3}
      propertyPath: m_LocalRotation.w
      value: 1
      objectReference: {fileID: 0}
    - target: {fileID: 6175027407547325867, guid: 5b0ec6ca004958449a837e939740e617,
        type: 3}
      propertyPath: m_RootOrder
      value: 0
      objectReference: {fileID: 0}
    - target: {fileID: 6175027407547325867, guid: 5b0ec6ca004958449a837e939740e617,
        type: 3}
      propertyPath: m_LocalEulerAnglesHint.x
      value: 0
      objectReference: {fileID: 0}
    - target: {fileID: 6175027407547325867, guid: 5b0ec6ca004958449a837e939740e617,
        type: 3}
      propertyPath: m_LocalEulerAnglesHint.y
      value: 0
      objectReference: {fileID: 0}
    - target: {fileID: 6175027407547325867, guid: 5b0ec6ca004958449a837e939740e617,
        type: 3}
      propertyPath: m_LocalEulerAnglesHint.z
      value: 0
      objectReference: {fileID: 0}
    - target: {fileID: 6175027407547325867, guid: 5b0ec6ca004958449a837e939740e617,
        type: 3}
      propertyPath: m_LocalScale.y
      value: 300
      objectReference: {fileID: 0}
    m_RemovedComponents: []
  m_SourcePrefab: {fileID: 100100000, guid: 5b0ec6ca004958449a837e939740e617, type: 3}
--- !u!4 &2414565043411310027 stripped
Transform:
  m_CorrespondingSourceObject: {fileID: 6175027407547325867, guid: 5b0ec6ca004958449a837e939740e617,
    type: 3}
  m_PrefabInstance: {fileID: 8372289189394483296}
  m_PrefabAsset: {fileID: 0}
